<?xml version="1.0" encoding="UTF-8"?><collection xmlns="http://www.loc.gov/MARC21/slim"><record><leader>00316nam--2200121-i-4500</leader><controlfield tag="001">000032886</controlfield><controlfield tag="002">20161230</controlfield><controlfield tag="005">20161230201039</controlfield><controlfield tag="008">060222s1000------------r-----000-0-eng-d</controlfield><datafield ind1=" " ind2=" " tag="100"><subfield code="a">Wager, L.R</subfield></datafield><datafield ind1=" " ind2=" " tag="260"><subfield code="a">Methods In Geochemistry</subfield></datafield><datafield ind1=" " ind2=" " tag="490"><subfield code="a">New York, Interscience Publishers Inc., 1960 Vii + 464p</subfield></datafield><datafield ind1=" " ind2=" " tag="700"><subfield code="a">Smales, A.A</subfield></datafield></record></collection>